@inproceedings{matas02,
  address = {London},
  author = {Matas, J. and Chum, O. and Martin, U. and Pajdla, T.},
  booktitle = {Proceedings of British Machine Vision Conference},
  journal = {Proceedings of British Machine Vision Conference},
  pages = {384--393},
  title = {{Robust wide baseline stereo from maximally stable extremal regions}},
  volume = {1},
  year = {2002}
}

@inbook{Nister_Stewenius_2008, 
  title={Linear Time Maximally Stable Extremal Regions},
  volume={5303},
  booktitle={Proc 10th European Conf on Computer Vision},
  publisher={Springer},
  author={Nistér, David and Stewénius, Henrik},
  editor={Forsyth, David and Torr, Philip and Zisserman, AndrewEditors},
  year={2008},
  pages={183-196}
}

@inproceedings{mser_tracking,
  author = {M. Donoser, H. Riemenschneider and H. Bischof},
  booktitle = {2006 IEEE Computer Society Conference on Computer Vision and Pattern Recognition - Volume 1 (CVPR'06)},
  journal = {Computer Vision and Pattern Recognition, 2006 IEEE Computer Society Conference on},
  pages = {553--560},
  publisher = {IEEE},
  title = {{Shape Guided Maximally Stable Extremal Region (MSER) Tracking}},
  volume = {1},
  year = {2006}
}

@article{ismatch,
  AUTHOR = "Donoser, M. and Riemenschneider, H. and Bischof, H.",
  TITLE = "Efficient Partial Shape Matching of Outer Contours",
  BOOKTITLE = "ACCV09",
  YEAR = "2009",
  PAGES = "I: 281-292",
}

@article{mser_tracking,
  author = {Michael Donoser and Hayko Riemenschneider and Horst Bischof},
  title = {Shape Guided Maximally Stable Extremal Region (MSER) Tracking},
  journal ={Pattern Recognition, International Conference on},
  volume = {0},
  year = {2010},
  pages = {1800-1803},
  publisher = {IEEE Computer Society},
  address = {Los Alamitos, CA, USA},
}

@article{partial_similarity,
  author = {Bronstein, Alexander and Bronstein, Michael and Bruckstein, Alfred and Kimmel, Ron},
  journal = {International Journal of Computer Vision},
  month = {August},
  number = {2},
  pages = {163--183},
  title = {{Partial Similarity of Objects, or How to Compare a Centaur to a Horse}},
  volume = {84},
  year = {2009}
}

@misc{vlfeat,
  Author = {A. Vedaldi and B. Fulkerson},
  Title = {{VLFeat}: An Open and Portable Library of Computer Vision Algorithms},
  Year  = {2008},
  Howpublished = {\url{http://www.vlfeat.org}}
}

@ONLINE{opencv,
  title = {Open Source Computer Vision Library},
  Howpublished = {\url{http://opencv.willowgarage.com/wiki/}}
}

@ONLINE{featurespace,
  author = {Krystian Mikolajczyk},
  title = {Open Source Computer Vision Library},
  Howpublished = {\url{http://www.featurespace.org/}}
}

@book{survey,
  author = {Tuytelaars, Tinne and Mikolajczyk, Krystian},
  title = {Local Invariant Feature Detectors: A Survey},
  year = {2008},
} 

@article{eight_point,
    author = {H. Christopher Longuet-Higgins},
    journal = {Nature},
    month = {Sep},
    pages = {133--135},
    title = {{A computer algorithm for reconstructing a scene from two projections}},
    volume = {293},
    year = {1981}
}

@article{ransac,
  author = {Fischler, Martin A. and Bolles, Robert C.},
  journal = {Commun. ACM},
  month = {June},
  number = {6},
  pages = {381--395},
  title = {{Random sample consensus: a paradigm for model fitting with applications to image analysis and automated cartography}},
  volume = {24},
  year = {1981}
}

@article{loransac,
  author = {Ondrej Chum, Jiri Matas and Stepan Obdrzakek},
  title = {Enhancing RANSAC by generalized model optimization},
}

@article{fm_overview,
    author = {Armangu\'{e}, X. and Salvi, J.},
    journal = {Image and Vision Computing},
    pages = {205--220},
    title = {{Overall view regarding fundamental matrix estimation}},
    volume = {21},
    year = {2003}
}

@inproceedings{stereo,
  author = {Hartley, R. and Gupta, R. and Chang, T.},
  booktitle = {Proceedings 1992 IEEE Computer Society Conference on Computer Vision and Pattern Recognition},
  journal = {Computer Vision and Pattern Recognition, 1992. Proceedings CVPR '92., 1992 IEEE Computer Society Conference on},
  pages = {761--764},
  title = {{Stereo from uncalibrated cameras}},
  year = {1992}
}

@article{defence_8pt,
  author = {Richard I. Hartley},
  title = {In Defense of the Eight-Point Algorithm},
  journal ={IEEE Transactions on Pattern Analysis and Machine Intelligence},
  volume = {19},
  year = {1997},
  pages = {580-593},
  publisher = {IEEE Computer Society},
}
